@Article{refRE1,
  Author         = {Kofke, D. A.},
  Title          = {Titre},
  Journal        = {J. Chem. Phys.},
  Volume         = {117},
  Pages          = {6911},
  year           = 2002
}
@Article{refRE2,
  Author         = {Kofke, D. A.},
  Title          = {Titre},
  Journal        = {J. Chem. Phys.},
  Volume         = {120},
  Pages          = {10852},
  year           = 2004
}

@Article{refRE3,
  Author         = {Kofke, D. A.},
  Title          = {Titre},
  Journal        = {J. Chem. Phys.},
  Volume         = {121},
  Pages          = {1167},
  year           = 2004
}

@Article{reftoulbar1,
  Author         = {Traoré, S. and Allouche, D. and André, I. and De Givry, S. and Katsirelos, G and Schiex, T and  Barbe, S},
  Title          = {A new framework for computational protein design through cost function network optimization},
  Journal        = {Bioinformatics},
  Volume         = {27 (19)},
  Pages          = {2129-2136},
  year           = 2013
}


@Article{reftoulbar2,
  Author         = {Traoré, S. and Roberts, K. E. and Allouche, D. and Donald, B. R. and André, I. and Schiex, T and  Barbe, S},
  Title          = {Fast search algorithms for Computational Protein Design},
  Journal        = {Bioinformatics},
  doi            = {10.1007/978-3-642-33558-7_60},
  year           = 2015
}

@Article{ref4,
  Author         = {Name3a, A. and Name3b, B. and Name3c, C.},
  Title          = {Title3},
  Journal        = {Journal3},
  Volume         = {30},
  Pages          = {300-310},
  year           = 2000
}
