mignon@pasiphae.polytechnique.fr.17246:1504168064