@Article{Kofke04,
  Author         = {Kofke, D. A.},
  Title          = {Titre},
  Journal        = {J. Chem. Phys.},
  Volume         = {117},
  Pages          = {6911},
  year           = 2002
}
@Article{Kofke04b,
  Author         = {Kofke, D. A.},
  Title          = {Titre},
  Journal        = {J. Chem. Phys.},
  Volume         = {120},
  Pages          = {10852},
  year           = 2004
}

@Article{Kofke04c,
  Author         = {Kofke, D. A.},
  Title          = {Titre},
  Journal        = {J. Chem. Phys.},
  Volume         = {121},
  Pages          = {1167},
  year           = 2004
}

@Article{Traoré13,
  Author         = {Traoré, S. and Allouche, D. and André, I. and De Givry, S. and Katsirelos, G and Schiex, T and  Barbe, S.},
  Title          = {A new framework for computational protein design through cost function network optimization},
  Journal        = {Bioinformatics},
  Volume         = {27 (19)},
  Pages          = {2129-2136},
  year           = 2013
}

@Article{Allouche14,


  Author         = {Allouche, D. and André, I. and Barbe, S. and Davies, J . and De Givry, S. and Katsirelos, G. and O’Sullivan, B. and Prestwich, S. and Schiex, T and Traoré, S.},
  Title          = {Computational protein design as an optimization problem},
  Journal        = {Artificial Intelligence},
  Volume         = {212},
  Pages          = {59-79},
  year           = 2014
}



@Article{Gough01,
  Author         = {Gough, J. and Karplus, K. and  Hughey, R. and  Chothia, C.},
  Title          = {Assignment of homology to genome sequences using a library of hidden Markov models that represent all proteins of known structure},
  Journal        = {J Mol Biol.},
  Volume         = {313 (4)},
  Pages          = {903-19},
  year           = 2001
}


@Article{Eddy98,
  Author         = {Eddy, S.R.},
  Title          = {Profile hidden Markov models},
  Journal        = {Bioinformatics},
  Volume         = {14 (9)},
  Pages          = {755-63},
  year           = 1998
}

@Article{Hughey96,
  Author         = {Hughey, R. and Krogh, A.},
  Title          = {Hidden Markov models for sequence analysis: Extension and analysis of the basic method},
  Journal        = {CABIOS},
  Volume         = {12 (2)},
  Pages          = {95-107},
  year           = 1996
}


@Article{Finn14,
  Author         = {Finn, R.D. and   Bateman, A. and   Clements, J. and   Coggill, P. and   Eberhardt, R.Y. and  Eddy, S.R. and  Heger, A. and  Hetherington, K. and  Holm, L. and  Mistry, J. and  Sonnhammer, E.L.L. and Tate, J. and Punta, M.},
  Title          = {The Pfam protein families database},
  Journal        = {Nucleic Acids Research},
  Volume         = {Issue 42},
  Pages          = {D222-D230},
  year           = 2014
}



@Article{Launay07,
  Author         = {Launay, G. and  Mendez, R. and  Wodak, S.J. and  Simonson, T.},
  Title          = {Recognizing proteinprotein interfaces with empirical potentials and reduced amino acid alphabets.},
  Journal        = {BMC Bioinformatics},
  Volume         = 8,
  Pages          = {270-291},
  year           = 2007
}

@Article{Henikoff92,
  Author         = {Henikoff, S. and Henikoff, J.},
  Title          = {Amino acid substitution matrices from protein blocks.},
  Journal        = {PNAS},
  Volume         = 89,
  Pages          = {10915-10919},
  year           = 1992
}


@Article{Altschul90,
  Author         = {Altschul, S. and Gish, W. and  Miller, W. and  Myers, E. and Lipman, D.},
  Title          = {Basic local alignment search tool.},
  Journal        = {J Mol Biol 215},
  Volume         = 215,
  Pages          = {403-10},
  year           = 1990
}
@Article{Altschul90,
  Author         = {Altschul, S. and Gish, W. and  Miller, W. and  Myers, E. and Lipman, D.},
  Title          = {Basic local alignment search tool.},
  Journal        = {J Mol Biol 215},
  Volume         = 215,
  Pages          = {403-10},
  year           = 1990
}

@Article{Cercignani81,
  Author         = {Cercignani, C. and Lampis, M.},
  Title          = {On the H-theorem for polyatomic gases},
  Journal        = {J Stat Phys},
  Volume         = 26,
  Pages          = {4},
  year           = 1981
}


@Article{Mignon17,
  Author         = {},
  Title          = {Computational design of the Tiam1 PDZ domain and its ligand binding},
  Journal        = {},
  Volume         = {13},
  Pages          = {2271-89},
  year           = 2017
}


Mignon D, Panel N, Chen X, Fuentes E & Simonson T (2017) Journal of Chemical Theory and Computation, 13, 2271-89.


